@Book{tanembaum:09,
  author = {Andrew S. Tanenbaum},
  title = {Modern Operating Systems},
  publisher = {Pearson Prentice Hall},
  year = {2009},
  edition = {3rd}
}

@Book{halim:13,
  author = {Steven Halim and Felix Halim},
  title = {Competitive Programming 3: The New Lower Bound of Programming Contests},
  year = {2013}
}

@Book{xv6book,
  author = {Cox, R. and Kaashoek, F. and Morris, R.},
  title = {xv6 - a simple, Unix-like teaching operating system.},
  year = {2014}
}

@inproceedings{waldspurger:94,
  author = {Waldspurger, Carl A. and Weihl, William E.},
  title = {Lottery Scheduling: Flexible Proportional-share Resource Management},
  booktitle = {Proceedings of the 1st USENIX Conference on Operating Systems Design and Implementation},
  series = {OSDI '94},
  year = {1994},
  location = {Monterey, California},
  articleno = {1},
  url = {http://dl.acm.org/citation.cfm?id=1267638.1267639},
  acmid = {1267639},
  publisher = {USENIX Association},
  address = {Berkeley, CA, USA},
}

@techreport{waldspurger:95,
 author = {Waldspurger, C. A. and Weihl. W., E.},
 title = {Stride Scheduling: Deterministic Proportional-Share Resource Management},
 year = {1995},
 source = {http://www.ncstrl.org:8900/ncstrl/servlet/search?formname=detail\&id=oai%3Ancstrlh%3Amitai%3AMIT-LCS%2F%2FMIT%2FLCS%2FTM-528},
 publisher = {Massachusetts Institute of Technology},
 address = {Cambridge, MA, USA},
}
